\bibliography{=acl2020}
\bibliographystyle{acl_natbib}
@article{Wolf2019HuggingFacesTS,
  title={HuggingFace's Transformers: State-of-the-art Natural Language Processing},
  author={Thomas Wolf and Lysandre Debut and Victor Sanh and Julien Chaumond and Clement Delangue and Anthony Moi and Pierric Cistac and Tim Rault and R'emi Louf and Morgan Funtowicz and Jamie Brew},
  journal={ArXiv},
  year={2019},
  volume={abs/1910.03771}
}
@inproceedings{Mikolov2013DistributedRO,
  title={Distributed Representations of Words and Phrases and their Compositionality},
  author={Tomas Mikolov and Ilya Sutskever and Kai Chen and Gregory S. Corrado and Jeffrey Dean},
  booktitle={NIPS},
  year={2013}
}